@techreport{ECRYPT-CSA,
    author={Michel Abdalla and  Tor Erling Bj√∏rstad and  Carlos Cid and  Benedikt Gierlichs and  Andreas H\"{u}lsing and  Atul Luykx and  Kenneth G. Paterson and  Bart Preneel and  Ahmad-Reza Sadeghi and  Terence Spies and  Martijn Stam and  Michael Ward and  Bogdan Warinschi and  Gaven Watson},
    title={Algorithms, Key Size and Protocols Report},
    year={2018},
    institution={ECRYPT CSA}
}

@inproceedings{DBLP:conf/sp/StarkSMOMFMT19,
  author    = {Emily Stark and
               Ryan Sleevi and
               Rijad Muminovic and
               Devon O'Brien and
               Eran Messeri and
               Adrienne Porter Felt and
               Brendan McMillion and
               Parisa Tabriz},
  title     = {Does Certificate Transparency Break the Web? Measuring Adoption and
               Error Rate},
  booktitle = {2019 {IEEE} Symposium on Security and Privacy, {SP} 2019, San Francisco,
               CA, USA, May 19-23, 2019},
  pages     = {211--226},
  year      = {2019},
  url       = {https://doi.org/10.1109/SP.2019.00027},
  doi       = {10.1109/SP.2019.00027},
  timestamp = {Wed, 16 Oct 2019 14:14:51 +0200},
  biburl    = {https://dblp.org/rec/bib/conf/sp/StarkSMOMFMT19},
  bibsource = {dblp computer science bibliography, https://dblp.org}
}

@misc{RFC7518,
author={M. Jones},
title={{JSON Web Algorithms (JWA)}},
year={2015},
month={May},
note={RFC7518}
}


@inproceedings{DBLP:conf/ndss/Parsovs14,
  author    = {Arnis Parsovs},
  title     = {Practical Issues with {TLS} Client Certificate Authentication},
  booktitle = {21st Annual Network and Distributed System Security Symposium, {NDSS} 2014, San Diego, California, USA, February 23-26, 2014},
  year      = {2014},
  url       = {https://www.ndss-symposium.org/ndss2014/practical-issues-tls-client-certificate-authentication},
  timestamp = {Tue, 16 Jan 2018 13:23:48 +0100},
  biburl    = {https://dblp.org/rec/bib/conf/ndss/Parsovs14},
  bibsource = {dblp computer science bibliography, https://dblp.org}
}

@book{BoMa10,
author = {Boyd, Colin and Mathuria, Anish},
title = {Protocols for Authentication and Key Establishment},
year = {2010},
isbn = {3642077161},
publisher = {Springer Publishing Company, Incorporated},
edition = {1st}
}

@misc{rfc8659,
	series =	{Request for Comments},
	number =	8659,
	howpublished =	{RFC 8659},
	publisher =	{RFC Editor},
	doi =		{10.17487/RFC8659},
	url =		{https://rfc-editor.org/rfc/rfc8659.txt},
        author =	{Phillip Hallam-Baker and Rob Stradling and Jacob Hoffman-Andrews},
	title =		{{DNS Certification Authority Authorization (CAA) Resource Record}},
	pagetotal =	17,
	year =		2019,
	month =		nov,
	abstract =	{The Certification Authority Authorization (CAA) DNS Resource Record allows a DNS domain name holder to specify one or more Certification Authorities (CAs) authorized to issue certificates for that domain name. CAA Resource Records allow a public CA to implement additional controls to reduce the risk of unintended certificate mis-issue. This document defines the syntax of the CAA record and rules for processing CAA records by CAs. This document obsoletes RFC 6844.},
}


@inproceedings{DBLP:conf/ndss/DurumericMSBSBB17,
  author    = {Zakir Durumeric and
               Zane Ma and
               Drew Springall and
               Richard Barnes and
               Nick Sullivan and
               Elie Bursztein and
               Michael Bailey and
               J. Alex Halderman and
               Vern Paxson},
  title     = {The Security Impact of {HTTPS} Interception},
  booktitle = {Proceedings of {NDSS} 2017},
  publisher = {The Internet Society},
  year      = {2017}
}